@article{davison2006attributes,
  title={Do attributes in the physical environment influence children's physical activity? A review of the literature},
  author={Davison, Kirsten Krahnstoever and Lawson, Catherine T},
  journal={International journal of behavioral nutrition and physical activity},
  volume={3},
  number={1},
  pages={19},
  year={2006},
  publisher={Springer}
}

@article{kneeshaw2015neighborhood,
  title={Neighborhood crime-related safety and its relation to children’s physical activity},
  author={Kneeshaw-Price, Stephanie H and Saelens, Brian E and Sallis, James F and Frank, Lawrence D and Grembowski, David E and Hannon, Peggy A and Smith, Nicholas L and Chan, KC Gary},
  journal={Journal of Urban Health},
  volume={92},
  number={3},
  pages={472--489},
  year={2015},
  publisher={Springer}
}

@article{robinson2016spatial,
  title={Spatial analysis of crime incidence and adolescent physical activity},
  author={Robinson, Alyssa I and Carnes, Fei and Oreskovic, Nicolas M},
  journal={Preventive medicine},
  volume={85},
  pages={74--77},
  year={2016},
  publisher={Elsevier}
}

@article{sallis2012role,
  title={Role of built environments in physical activity, obesity, and cardiovascular disease},
  author={Sallis, James F and Floyd, Myron F and Rodr{\'\i}guez, Daniel A and Saelens, Brian E},
  journal={Circulation},
  volume={125},
  number={5},
  pages={729--737},
  year={2012},
  publisher={Am Heart Assoc}
}

@article{wang2004physical,
  title={Physical activity, cardiovascular disease, and medical expenditures in US adults},
  author={Wang, Guijing and Pratt, Mike and Macera, Caroline A and Zheng, Zhi-Jie and Heath, Gregory},
  journal={Annals of Behavioral Medicine},
  volume={28},
  number={2},
  pages={88--94},
  year={2004},
  publisher={Springer}
}

@misc{uscensusbureau_2018, title={California}, url={https://www.census.gov/geographies/reference-files/2010/geo/state-local-geo-guides-2010/california.html}, journal={The United States Census Bureau}, author={US Census Bureau}, year={2018}, month={Jun}}

@misc{2019measuresroadmaps, title={County Health Rankings & Roadmaps}, url={https://www.countyhealthrankings.org/explore-health-rankings/measures-data-sources/2019-measures}, journal={2019 Measures | County Health Rankings & Roadmaps}}@Manual{R-base,
  title = {R: A Language and Environment for Statistical Computing},
  author = {{R Core Team}},
  organization = {R Foundation for Statistical Computing},
  address = {Vienna, Austria},
  year = {2018},
  url = {https://www.R-project.org/},
}
@Manual{R-dplyr,
  title = {dplyr: A Grammar of Data Manipulation},
  author = {Hadley Wickham and Romain François and Lionel Henry and Kirill Müller},
  year = {2019},
  note = {R package version 0.8.3},
  url = {https://CRAN.R-project.org/package=dplyr},
}
@Manual{R-forcats,
  title = {forcats: Tools for Working with Categorical Variables (Factors)},
  author = {Hadley Wickham},
  year = {2019},
  note = {R package version 0.4.0},
  url = {https://CRAN.R-project.org/package=forcats},
}
@Book{R-ggplot2,
  author = {Hadley Wickham},
  title = {ggplot2: Elegant Graphics for Data Analysis},
  publisher = {Springer-Verlag New York},
  year = {2016},
  isbn = {978-3-319-24277-4},
  url = {https://ggplot2.tidyverse.org},
}
@Manual{R-inspectdf,
  title = {inspectdf: Inspection, Comparison and Visualisation of Data Frames},
  author = {Alastair Rushworth},
  year = {2019},
  note = {R package version 0.0.3},
  url = {https://CRAN.R-project.org/package=inspectdf},
}
@Article{R-lme4,
  title = {Fitting Linear Mixed-Effects Models Using {lme4}},
  author = {Douglas Bates and Martin M{\"a}chler and Ben Bolker and Steve Walker},
  journal = {Journal of Statistical Software},
  year = {2015},
  volume = {67},
  number = {1},
  pages = {1--48},
  doi = {10.18637/jss.v067.i01},
}
@Article{R-lmerTest,
  title = {{lmerTest} Package: Tests in Linear Mixed Effects Models},
  author = {Alexandra Kuznetsova and Per B. Brockhoff and Rune H. B. Christensen},
  journal = {Journal of Statistical Software},
  year = {2017},
  volume = {82},
  number = {13},
  pages = {1--26},
  doi = {10.18637/jss.v082.i13},
}
@Manual{R-Matrix,
  title = {Matrix: Sparse and Dense Matrix Classes and Methods},
  author = {Douglas Bates and Martin Maechler},
  year = {2018},
  note = {R package version 1.2-14},
  url = {https://CRAN.R-project.org/package=Matrix},
}
@Manual{R-papaja,
  author = {Frederik Aust and Marius Barth},
  title = {{papaja}: {Create} {APA} manuscripts with {R Markdown}},
  year = {2018},
  note = {R package version 0.1.0.9842},
  url = {https://github.com/crsh/papaja},
}
@Manual{R-psych,
  title = {psych: Procedures for Psychological, Psychometric, and Personality Research},
  author = {William Revelle},
  organization = { Northwestern University},
  address = { Evanston, Illinois},
  year = {2018},
  note = {R package version 1.8.12},
  url = {https://CRAN.R-project.org/package=psych},
}
@Manual{R-purrr,
  title = {purrr: Functional Programming Tools},
  author = {Lionel Henry and Hadley Wickham},
  year = {2019},
  note = {R package version 0.3.3},
  url = {https://CRAN.R-project.org/package=purrr},
}
@Manual{R-readr,
  title = {readr: Read Rectangular Text Data},
  author = {Hadley Wickham and Jim Hester and Romain Francois},
  year = {2018},
  note = {R package version 1.3.1},
  url = {https://CRAN.R-project.org/package=readr},
}
@Manual{R-stringr,
  title = {stringr: Simple, Consistent Wrappers for Common String Operations},
  author = {Hadley Wickham},
  year = {2019},
  note = {R package version 1.4.0},
  url = {https://CRAN.R-project.org/package=stringr},
}
@Manual{R-tibble,
  title = {tibble: Simple Data Frames},
  author = {Kirill Müller and Hadley Wickham},
  year = {2019},
  note = {R package version 2.1.3},
  url = {https://CRAN.R-project.org/package=tibble},
}
@Manual{R-tidyr,
  title = {tidyr: Tidy Messy Data},
  author = {Hadley Wickham and Lionel Henry},
  year = {2020},
  note = {R package version 1.0.2},
  url = {https://CRAN.R-project.org/package=tidyr},
}
@Article{R-tidyverse,
  title = {Welcome to the {tidyverse}},
  author = {Hadley Wickham and Mara Averick and Jennifer Bryan and Winston Chang and Lucy D'Agostino McGowan and Romain François and Garrett Grolemund and Alex Hayes and Lionel Henry and Jim Hester and Max Kuhn and Thomas Lin Pedersen and Evan Miller and Stephan Milton Bache and Kirill Müller and Jeroen Ooms and David Robinson and Dana Paige Seidel and Vitalie Spinu and Kohske Takahashi and Davis Vaughan and Claus Wilke and Kara Woo and Hiroaki Yutani},
  year = {2019},
  journal = {Journal of Open Source Software},
  volume = {4},
  number = {43},
  pages = {1686},
  doi = {10.21105/joss.01686},
}
